<?xml version='1.0'?>
<collection xmlns='http://www.loc.gov/MARC21/slim' xmlns:xsi='http://www.w3.org/2001/XMLSchema-instance' xsi:schemaLocation='http://www.loc.gov/MARC21/slim http://www.loc.gov/standards/marcxml/schema/MARC21slim.xsd'>
<record>
  <leader>00000cas  2200253   4500</leader>
  <controlfield tag='001'>1699272</controlfield>
  <controlfield tag='005'>19871102000000.0</controlfield>
  <controlfield tag='008'>871102u19359999nyuar1        1   a0eng  </controlfield>
  <datafield tag='010' ind1=' ' ind2=' '>
    <subfield code='a'>37011202 //r823</subfield>
  </datafield>
  <datafield tag='019' ind1=' ' ind2=' '>
    <subfield code='a'>378820</subfield>
    <subfield code='a'>1480416</subfield>
  </datafield>
  <datafield tag='022' ind1=' ' ind2=' '>
    <subfield code='a'>0364-7374</subfield>
  </datafield>
  <datafield tag='040' ind1=' ' ind2=' '>
    <subfield code='a'>DLC</subfield>
    <subfield code='c'>COO</subfield>
    <subfield code='d'>NSD</subfield>
    <subfield code='d'>DLC</subfield>
    <subfield code='d'>OCL</subfield>
    <subfield code='d'>NST</subfield>
    <subfield code='d'>MUL</subfield>
    <subfield code='d'>OCL</subfield>
    <subfield code='d'>m/c</subfield>
    <subfield code='d'>NOC</subfield>
  </datafield>
  <datafield tag='042' ind1=' ' ind2=' '>
    <subfield code='a'>nsdp</subfield>
    <subfield code='a'>lc</subfield>
  </datafield>
  <datafield tag='043' ind1=' ' ind2=' '>
    <subfield code='a'>n-us---</subfield>
  </datafield>
  <datafield tag='111' ind1='2' ind2=' '>
    <subfield code='a'>American Merchant Marine Conference.</subfield>
  </datafield>
  <datafield tag='245' ind1='1' ind2='0'>
    <subfield code='a'>Proceedings</subfield>
    <subfield code='h'>[serial].</subfield>
  </datafield>
  <datafield tag='260' ind1=' ' ind2=' '>
    <subfield code='a'>[Washington, etc.]</subfield>
    <subfield code='b'>Propeller Club of the United States.</subfield>
  </datafield>
  <datafield tag='300' ind1=' ' ind2=' '>
    <subfield code='a'>v.</subfield>
    <subfield code='b'>ill., ports., diagrs.</subfield>
    <subfield code='c'>28 cm.</subfield>
  </datafield>
  <datafield tag='362' ind1='0' ind2=' '>
    <subfield code='a'>v. [1]- 1935-</subfield>
  </datafield>
  <datafield tag='500' ind1=' ' ind2=' '>
    <subfield code='a'>Each vol., 1941-&lt;51&gt; has also a distinctive title.</subfield>
  </datafield>
  <datafield tag='515' ind1=' ' ind2=' '>
    <subfield code='a'>Proceedings of 1934 conference not published.</subfield>
  </datafield>
  <datafield tag='550' ind1=' ' ind2=' '>
    <subfield code='a'>Sponsored by the Propeller Club of the United States at its 9th- annual conventions, 1935-</subfield>
  </datafield>
  <datafield tag='650' ind1=' ' ind2='0'>
    <subfield code='a'>Merchant marine</subfield>
    <subfield code='z'>United States</subfield>
    <subfield code='v'>Congresses.</subfield>
  </datafield>
  <datafield tag='710' ind1='2' ind2=' '>
    <subfield code='a'>Propeller Club of the United States.</subfield>
  </datafield>
  <datafield tag='907' ind1=' ' ind2=' '>
    <subfield code='a'>b1317354</subfield>
  </datafield>
  <datafield tag='999' ind1='9' ind2='1'>
    <subfield code='i'>i1676219</subfield>
    <subfield code='l'>trln</subfield>
    <subfield code='s'>-</subfield>
    <subfield code='t'>3</subfield>
    <subfield code='c'>1</subfield>
    <subfield code='o'>1</subfield>
    <subfield code='b'>10001587445</subfield>
    <subfield code='p'>090##</subfield>
    <subfield code='q'>|aHE745 .A7</subfield>
    <subfield code='v'>v.9(1943)</subfield>
  </datafield>
  <datafield tag='999' ind1='9' ind2='1'>
    <subfield code='i'>i1676220</subfield>
    <subfield code='l'>trln</subfield>
    <subfield code='s'>-</subfield>
    <subfield code='t'>3</subfield>
    <subfield code='c'>1</subfield>
    <subfield code='o'>1</subfield>
    <subfield code='b'>10001587436</subfield>
    <subfield code='p'>090##</subfield>
    <subfield code='q'>|aHE745 .A7</subfield>
    <subfield code='v'>v.10(1944)</subfield>
  </datafield>
  <datafield tag='999' ind1='9' ind2='1'>
    <subfield code='i'>i1676221</subfield>
    <subfield code='l'>trln</subfield>
    <subfield code='s'>-</subfield>
    <subfield code='t'>3</subfield>
    <subfield code='c'>1</subfield>
    <subfield code='o'>1</subfield>
    <subfield code='b'>10002228689</subfield>
    <subfield code='p'>090##</subfield>
    <subfield code='q'>|aHE745 .A7</subfield>
    <subfield code='v'>v.11(1945)</subfield>
  </datafield>
  <datafield tag='999' ind1='9' ind2='1'>
    <subfield code='i'>i1676222</subfield>
    <subfield code='l'>trln</subfield>
    <subfield code='s'>-</subfield>
    <subfield code='t'>3</subfield>
    <subfield code='c'>1</subfield>
    <subfield code='o'>1</subfield>
    <subfield code='b'>10002228670</subfield>
    <subfield code='p'>090##</subfield>
    <subfield code='q'>|aHE745 .A7</subfield>
    <subfield code='v'>v.12(1946)</subfield>
  </datafield>
  <datafield tag='999' ind1='9' ind2='1'>
    <subfield code='i'>i1676223</subfield>
    <subfield code='l'>trln</subfield>
    <subfield code='s'>-</subfield>
    <subfield code='t'>3</subfield>
    <subfield code='c'>1</subfield>
    <subfield code='o'>0</subfield>
    <subfield code='b'>00023576630</subfield>
    <subfield code='p'>090##</subfield>
    <subfield code='q'>|aHE745 .A7</subfield>
    <subfield code='v'>v.13(1947)</subfield>
  </datafield>
  <datafield tag='999' ind1='9' ind2='1'>
    <subfield code='i'>i1676224</subfield>
    <subfield code='l'>trln</subfield>
    <subfield code='s'>-</subfield>
    <subfield code='t'>3</subfield>
    <subfield code='c'>1</subfield>
    <subfield code='o'>0</subfield>
    <subfield code='b'>00023576649</subfield>
    <subfield code='p'>090##</subfield>
    <subfield code='q'>|aHE745 .A7</subfield>
    <subfield code='v'>v.14(1948)</subfield>
  </datafield>
  <datafield tag='999' ind1='9' ind2='1'>
    <subfield code='i'>i1676225</subfield>
    <subfield code='l'>trln</subfield>
    <subfield code='s'>-</subfield>
    <subfield code='t'>3</subfield>
    <subfield code='c'>1</subfield>
    <subfield code='o'>0</subfield>
    <subfield code='b'>00023576854</subfield>
    <subfield code='p'>090##</subfield>
    <subfield code='q'>|aHE745 .A7</subfield>
    <subfield code='v'>v.15(1949)</subfield>
  </datafield>
  <datafield tag='999' ind1='9' ind2='1'>
    <subfield code='i'>i1676226</subfield>
    <subfield code='l'>trln</subfield>
    <subfield code='s'>-</subfield>
    <subfield code='t'>3</subfield>
    <subfield code='c'>1</subfield>
    <subfield code='o'>0</subfield>
    <subfield code='b'>00023576658</subfield>
    <subfield code='p'>090##</subfield>
    <subfield code='q'>|aHE745 .A7</subfield>
    <subfield code='v'>v.22-23(1956-1957)</subfield>
  </datafield>
  <datafield tag='999' ind1='9' ind2='1'>
    <subfield code='i'>i1676227</subfield>
    <subfield code='l'>trln</subfield>
    <subfield code='s'>-</subfield>
    <subfield code='t'>3</subfield>
    <subfield code='c'>1</subfield>
    <subfield code='o'>0</subfield>
    <subfield code='b'>00023576444</subfield>
    <subfield code='p'>090##</subfield>
    <subfield code='q'>|aHE745 .A7</subfield>
    <subfield code='v'>v.27(1961)</subfield>
  </datafield>
  <datafield tag='999' ind1='9' ind2='1'>
    <subfield code='i'>i1676228</subfield>
    <subfield code='l'>trln</subfield>
    <subfield code='s'>-</subfield>
    <subfield code='t'>3</subfield>
    <subfield code='c'>1</subfield>
    <subfield code='o'>0</subfield>
    <subfield code='b'>00023576453</subfield>
    <subfield code='p'>090##</subfield>
    <subfield code='q'>|aHE745 .A7</subfield>
    <subfield code='v'>v.29(1963)</subfield>
  </datafield>
  <datafield tag='999' ind1='9' ind2='1'>
    <subfield code='i'>i1676229</subfield>
    <subfield code='l'>trln</subfield>
    <subfield code='s'>-</subfield>
    <subfield code='t'>3</subfield>
    <subfield code='c'>1</subfield>
    <subfield code='o'>0</subfield>
    <subfield code='b'>00023576248</subfield>
    <subfield code='p'>090##</subfield>
    <subfield code='q'>|aHE745 .A7</subfield>
    <subfield code='v'>v.32(1966)</subfield>
  </datafield>
  <datafield tag='999' ind1='9' ind2='1'>
    <subfield code='i'>i1676230</subfield>
    <subfield code='l'>trln</subfield>
    <subfield code='s'>-</subfield>
    <subfield code='t'>3</subfield>
    <subfield code='c'>1</subfield>
    <subfield code='o'>0</subfield>
    <subfield code='b'>00023576257</subfield>
    <subfield code='p'>090##</subfield>
    <subfield code='q'>|aHE745 .A7</subfield>
    <subfield code='v'>v.33(1967)</subfield>
  </datafield>
  <datafield tag='999' ind1='9' ind2='1'>
    <subfield code='i'>i1676231</subfield>
    <subfield code='l'>trln</subfield>
    <subfield code='s'>-</subfield>
    <subfield code='t'>3</subfield>
    <subfield code='c'>1</subfield>
    <subfield code='o'>0</subfield>
    <subfield code='b'>00023576042</subfield>
    <subfield code='p'>090##</subfield>
    <subfield code='q'>|aHE745 .A7</subfield>
    <subfield code='v'>v.36(1970)</subfield>
  </datafield>
  <datafield tag='999' ind1='9' ind2='1'>
    <subfield code='i'>i1676232</subfield>
    <subfield code='l'>trln</subfield>
    <subfield code='s'>-</subfield>
    <subfield code='t'>3</subfield>
    <subfield code='c'>1</subfield>
    <subfield code='o'>0</subfield>
    <subfield code='b'>00023576051</subfield>
    <subfield code='p'>090##</subfield>
    <subfield code='q'>|aHE745 .A7</subfield>
    <subfield code='v'>v.37(1971)</subfield>
  </datafield>
  <datafield tag='999' ind1='9' ind2='1'>
    <subfield code='i'>i1676233</subfield>
    <subfield code='l'>trln</subfield>
    <subfield code='s'>-</subfield>
    <subfield code='t'>3</subfield>
    <subfield code='c'>1</subfield>
    <subfield code='o'>0</subfield>
    <subfield code='b'>00023576863</subfield>
    <subfield code='p'>090##</subfield>
    <subfield code='q'>|aHE745 .A7</subfield>
    <subfield code='v'>v.38(1972)</subfield>
  </datafield>
  <datafield tag='999' ind1='9' ind2='1'>
    <subfield code='i'>i1676234</subfield>
    <subfield code='l'>trln</subfield>
    <subfield code='s'>-</subfield>
    <subfield code='t'>3</subfield>
    <subfield code='c'>1</subfield>
    <subfield code='o'>0</subfield>
    <subfield code='b'>00023576667</subfield>
    <subfield code='p'>090##</subfield>
    <subfield code='q'>|aHE745 .A7</subfield>
    <subfield code='v'>v.39(1973)</subfield>
  </datafield>
  <datafield tag='999' ind1='9' ind2='1'>
    <subfield code='i'>i1676235</subfield>
    <subfield code='l'>trln</subfield>
    <subfield code='s'>-</subfield>
    <subfield code='t'>3</subfield>
    <subfield code='c'>1</subfield>
    <subfield code='o'>0</subfield>
    <subfield code='b'>00023576462</subfield>
    <subfield code='p'>090##</subfield>
    <subfield code='q'>|aHE745 .A7</subfield>
    <subfield code='v'>v.40(1974)</subfield>
  </datafield>
  <datafield tag='999' ind1='9' ind2='1'>
    <subfield code='i'>i1676236</subfield>
    <subfield code='l'>trln</subfield>
    <subfield code='s'>-</subfield>
    <subfield code='t'>3</subfield>
    <subfield code='c'>1</subfield>
    <subfield code='o'>0</subfield>
    <subfield code='b'>00023576266</subfield>
    <subfield code='p'>090##</subfield>
    <subfield code='q'>|aHE745 .A7</subfield>
    <subfield code='v'>v.41(1975)</subfield>
  </datafield>
  <datafield tag='999' ind1='9' ind2='1'>
    <subfield code='i'>i1676237</subfield>
    <subfield code='l'>trln</subfield>
    <subfield code='s'>-</subfield>
    <subfield code='t'>3</subfield>
    <subfield code='c'>1</subfield>
    <subfield code='o'>0</subfield>
    <subfield code='b'>00023576060</subfield>
    <subfield code='p'>090##</subfield>
    <subfield code='q'>|aHE745 .A7</subfield>
    <subfield code='v'>v.42(1976)</subfield>
  </datafield>
  <datafield tag='999' ind1='9' ind2='2'>
    <subfield code='a'>c1361861</subfield>
    <subfield code='b'>trln</subfield>
    <subfield code='c'>0</subfield>
  </datafield>
  <datafield tag='999' ind1='9' ind2='3'>
    <subfield code='0'>c1361861</subfield>
    <subfield code='2'>852</subfield>
    <subfield code='3'>c</subfield>
    <subfield code='b'>555521</subfield>
    <subfield code='h'>HE745</subfield>
    <subfield code='i'>.A7</subfield>
    <subfield code='x'>Previously converted record</subfield>
    <subfield code='x'>tr from main 07-04.</subfield>
  </datafield>
  <datafield tag='999' ind1='9' ind2='3'>
    <subfield code='0'>c1361861</subfield>
    <subfield code='2'>853</subfield>
    <subfield code='3'>y</subfield>
    <subfield code='8'>1</subfield>
    <subfield code='a'>v.</subfield>
    <subfield code='i'>(year)</subfield>
  </datafield>
  <datafield tag='999' ind1='9' ind2='3'>
    <subfield code='0'>c1361861</subfield>
    <subfield code='2'>863</subfield>
    <subfield code='3'>h</subfield>
    <subfield code='8'>1.9</subfield>
    <subfield code='a'>9-15</subfield>
    <subfield code='i'>1943-1949</subfield>
    <subfield code='w'>g</subfield>
  </datafield>
  <datafield tag='999' ind1='9' ind2='3'>
    <subfield code='0'>c1361861</subfield>
    <subfield code='2'>863</subfield>
    <subfield code='3'>h</subfield>
    <subfield code='8'>1.22</subfield>
    <subfield code='a'>22-23</subfield>
    <subfield code='i'>1956-1957</subfield>
    <subfield code='w'>g</subfield>
  </datafield>
  <datafield tag='999' ind1='9' ind2='3'>
    <subfield code='0'>c1361861</subfield>
    <subfield code='2'>863</subfield>
    <subfield code='3'>h</subfield>
    <subfield code='8'>1.27</subfield>
    <subfield code='a'>27</subfield>
    <subfield code='i'>1961</subfield>
    <subfield code='w'>g</subfield>
  </datafield>
  <datafield tag='999' ind1='9' ind2='3'>
    <subfield code='0'>c1361861</subfield>
    <subfield code='2'>863</subfield>
    <subfield code='3'>h</subfield>
    <subfield code='8'>1.29</subfield>
    <subfield code='a'>29</subfield>
    <subfield code='i'>1963</subfield>
    <subfield code='w'>g</subfield>
  </datafield>
  <datafield tag='999' ind1='9' ind2='3'>
    <subfield code='0'>c1361861</subfield>
    <subfield code='2'>863</subfield>
    <subfield code='3'>h</subfield>
    <subfield code='8'>1.32</subfield>
    <subfield code='a'>32-33</subfield>
    <subfield code='i'>1966-1967</subfield>
    <subfield code='w'>g</subfield>
  </datafield>
  <datafield tag='999' ind1='9' ind2='3'>
    <subfield code='0'>c1361861</subfield>
    <subfield code='2'>863</subfield>
    <subfield code='3'>h</subfield>
    <subfield code='8'>1.36</subfield>
    <subfield code='a'>36-42</subfield>
    <subfield code='i'>1970-1976</subfield>
  </datafield>
  <datafield tag='999' ind1='0' ind2='0'>
    <subfield code='a'>2004-10-01 00:00:00-04</subfield>
    <subfield code='c'>2004-09-27 18:44:28-04</subfield>
    <subfield code='u'>2017-12-01 10:12:34-05</subfield>
  </datafield>
</record>
</collection>
